DATA MOVIMENTO	DATA OPERAÇÃO	DESCRIÇÃO	IMPORTÂNCIA	MOEDA	SALDO CONTABILÍSTICO	MOEDA
2024-02-05	2024-02-05	TRF.DE MARISIA CONCEI¸¶O QUINT	50,00	EUR	917,56	EUR
2024-02-05	2024-02-05	TRF.DE HUGO TAVARES MARTINS   	37,50	EUR	955,06	EUR
2024-02-05	2024-02-05	SP-30003908685 ENDESA ENERGIA 	-114,08	EUR	840,98	EUR
2024-02-05	2024-02-05	TRF.CRED  M FERNANDA PINTO    	37,50	EUR	878,48	EUR
2024-02-06	2024-02-06	TR-MIGUEL ALEXANDRE SCATOLA PR	75,00	EUR	953,48	EUR
2024-02-09	2024-02-09	TR-CLAUDIA RUTE NUNES CARRICO 	37,50	EUR	990,98	EUR
2024-02-14	2024-02-14	SP-00000269196 OTIS-ELEVADORES	-206,32	EUR	784,66	EUR
2024-02-14	2024-02-14	PAG.SERV. 10550 210022723     	-273,66	EUR	511,00	EUR
2024-02-14	2024-02-14	SOLU¸¶O E.CONDOM¿NIO          	-7,00	EUR	504,00	EUR
2024-02-14	2024-02-14	I.S. COM. MAN. CTA PACOTE     	-0,28	EUR	503,72	EUR
2024-02-19	2024-02-19	TR-ANTONIO JOAO ANJOS JUSTINO 	37,50	EUR	541,22	EUR
2024-02-20	2024-02-20	TR-FERNANDO JORGE DOS SANTOS  	37,50	EUR	578,72	EUR
2024-02-21	2024-02-21	PAG.SERV. 20624 514243599     	-140,00	EUR	438,72	EUR
2024-02-21	2024-02-21	PAG.SERV. 20624 514243600     	-140,00	EUR	298,72	EUR
2024-02-21	2024-02-21	PAG.SERV. 11873 260067092     	-51,82	EUR	246,90	EUR
2024-02-26	2024-02-26	TR-CATIA ANDREIA BASTOS MORAIS	17,50	EUR	264,40	EUR
2024-02-28	2024-02-28	TRF.IPS P/ JCSS UNIPESSOAL    	-56,00	EUR	208,40	EUR
2024-02-29	2024-02-29	TRF.DE MARIA ISABEL SANTOS MEL	37,50	EUR	245,90	EUR
2024-03-01	2024-03-01	TR-JOAO MANUEL BORGES GUERRA  	37,50	EUR	283,40	EUR
2024-03-01	2024-03-01	EMISS¶O EXTR. CONTA-2024-02-29	-1,00	EUR	282,40	EUR
2024-03-01	2024-03-01	I.SELO OP.BANC.    -2024-02-29	-0,04	EUR	282,36	EUR
2024-03-01	2024-03-01	TRF. P/ DP NR. 027-15.010650-1	-60,00	EUR	222,36	EUR
2024-03-04	2024-03-04	TR-FERNANDO JORGE DOS SANTOS  	37,50	EUR	259,86	EUR
2024-03-04	2024-03-04	TRF.CRED  MANUELA SILVA       	75,00	EUR	334,86	EUR
2024-03-05	2024-03-05	TRF.DE MARISIA CONCEI¸¶O QUINT	50,00	EUR	384,86	EUR
2024-03-05	2024-03-05	TRF.DE HUGO TAVARES MARTINS   	37,50	EUR	422,36	EUR
2024-03-05	2024-03-05	TR-MARTA RIBEIRO PEREIRA      	37,50	EUR	459,86	EUR
2024-03-06	2024-03-06	SP-30003908685 ENDESA ENERGIA 	-140,07	EUR	319,79	EUR
2024-03-07	2024-03-07	TRF.CRED  M FERNANDA PINTO    	37,50	EUR	357,29	EUR
2024-03-12	2024-03-12	SP-00000269196 OTIS-ELEVADORES	-206,32	EUR	150,97	EUR
2024-03-14	2024-03-14	SOLU¸¶O E.CONDOM¿NIO          	-7,00	EUR	143,97	EUR
2024-03-14	2024-03-14	I.S. COM. MAN. CTA PACOTE     	-0,28	EUR	143,69	EUR
2024-03-18	2024-03-18	TR-ANTONIO JOAO ANJOS JUSTINO 	37,50	EUR	181,19	EUR
2024-03-25	2024-03-25	TR-CATIA ANDREIA BASTOS MORAIS	17,50	EUR	198,69	EUR
2024-03-28	2024-03-28	TRF. LU¿S ANTøNIO CAEIRO DIAS 	112,50	EUR	311,19	EUR
2024-03-30	2024-03-30	TRF.DE MARIA ISABEL SANTOS MEL	37,50	EUR	348,69	EUR
2024-04-01	2024-04-01	EMISS¶O EXTR. CONTA-2024-03-31	-1,00	EUR	347,69	EUR
2024-04-01	2024-04-01	I.SELO OP.BANC.    -2024-03-31	-0,04	EUR	347,65	EUR
2024-04-01	2024-04-01	TRF. P/ DP NR. 027-15.010650-1	-60,00	EUR	287,65	EUR
2024-04-02	2024-04-02	TR-JOAO MANUEL BORGES GUERRA  	37,50	EUR	325,15	EUR
2024-04-03	2024-04-03	TR-MARTA RIBEIRO PEREIRA      	37,50	EUR	362,65	EUR
2024-04-04	2024-04-04	SP-30003908685 ENDESA ENERGIA 	-128,33	EUR	234,32	EUR
2024-04-05	2024-04-05	TRF.DE MARISIA CONCEI¸¶O QUINT	50,00	EUR	284,32	EUR
2024-04-05	2024-04-05	TRF.DE HUGO TAVARES MARTINS   	37,50	EUR	321,82	EUR
2024-04-05	2024-04-05	TR-MIGUEL ALEXANDRE SCATOLA PR	75,00	EUR	396,82	EUR
2024-04-08	2024-04-08	TRF.CRED  M FERNANDA PINTO    	37,50	EUR	434,32	EUR
2024-04-09	2024-04-09	TR-EDMUNDO FRANCISCO REBELO SI	37,50	EUR	471,82	EUR
2024-04-09	2024-04-09	TR-FERNANDO JORGE DOS SANTOS  	37,50	EUR	509,32	EUR
2024-04-10	2024-04-10	LEV.ATM    8887               	-200,00	EUR	309,32	EUR
2024-04-10	2024-04-10	LEV.ATM    8887               	-20,00	EUR	289,32	EUR
2024-04-11	2024-04-11	SP-00000269196 OTIS-ELEVADORES	-206,32	EUR	83,00	EUR
2024-04-11	2024-04-11	TR-ANTONIO JOAO ANJOS JUSTINO 	37,50	EUR	120,50	EUR
2024-04-14	2024-04-14	SOLU¸¶O E.CONDOM¿NIO          	-7,00	EUR	113,50	EUR
2024-04-14	2024-04-14	I.S. COM. MAN. CTA PACOTE     	-0,28	EUR	113,22	EUR
2024-04-29	2024-04-29	TR-CATIA ANDREIA BASTOS MORAIS	17,50	EUR	130,72	EUR
2024-04-30	2024-04-30	TRF.DE MARIA ISABEL SANTOS MEL	37,50	EUR	168,22	EUR
2024-05-01	2024-05-01	EMISS¶O EXTR. CONTA-2024-04-30	-1,00	EUR	167,22	EUR
2024-05-01	2024-05-01	I.SELO OP.BANC.    -2024-04-30	-0,04	EUR	167,18	EUR
2024-05-01	2024-05-01	TRF. P/ DP NR. 027-15.010650-1	-60,00	EUR	107,18	EUR
2024-05-02	2024-05-02	TR-JOAO MANUEL BORGES GUERRA  	37,50	EUR	144,68	EUR
2024-05-03	2024-05-03	TR-MARTA RIBEIRO PEREIRA      	37,50	EUR	182,18	EUR
2024-05-05	2024-05-05	TRF.DE MARISIA CONCEI¸¶O QUINT	50,00	EUR	232,18	EUR
2024-05-05	2024-05-05	TRF.DE HUGO TAVARES MARTINS   	37,50	EUR	269,68	EUR
2024-05-06	2024-05-06	SP-30003908685 ENDESA ENERGIA 	-137,08	EUR	132,60	EUR
2024-05-06	2024-05-06	TRF.CRED  M FERNANDA PINTO    	37,50	EUR	170,10	EUR
2024-05-07	2024-05-07	TRF.DE PEDRO MIGUEL REBELO SIL	37,50	EUR	207,60	EUR
2024-05-08	2024-05-08	TR-CESAR DAVID SANTOS SA      	450,00	EUR	657,60	EUR
2024-05-12	2024-05-12	TR-IPS-EDMUNDO FRANCISCO REBEL	37,50	EUR	695,10	EUR
2024-05-13	2024-05-13	SP-00000269196 OTIS-ELEVADORES	-206,32	EUR	488,78	EUR
2024-05-13	2024-05-13	TR-ANTONIO JOAO ANJOS JUSTINO 	37,50	EUR	526,28	EUR
2024-05-14	2024-05-14	TR-FERNANDO JORGE DOS SANTOS  	37,50	EUR	563,78	EUR
2024-05-14	2024-05-14	SOLU¸¶O E.CONDOM¿NIO          	-7,00	EUR	556,78	EUR
2024-05-14	2024-05-14	I.S. COM. MAN. CTA PACOTE     	-0,28	EUR	556,50	EUR
2024-05-29	2024-05-29	TR-CATIA ANDREIA BASTOS MORAIS	20,00	EUR	576,50	EUR
2024-05-30	2024-05-30	TRF.DE MARIA ISABEL SANTOS MEL	37,50	EUR	614,00	EUR
2024-06-01	2024-06-01	TRF.DE LU¿S ANTøNIO CAEIRO DIA	45,00	EUR	659,00	EUR
2024-06-01	2024-06-01	EMISS¶O EXTR. CONTA-2024-05-31	-1,00	EUR	658,00	EUR
2024-06-01	2024-06-01	I.SELO OP.BANC.    -2024-05-31	-0,04	EUR	657,96	EUR
2024-06-01	2024-06-01	TRF. P/ DP NR. 027-15.010650-1	-60,00	EUR	597,96	EUR
2024-06-03	2024-06-03	TR-JOAO MANUEL BORGES GUERRA  	45,00	EUR	642,96	EUR
2024-06-05	2024-06-05	TRF.DE MARISIA CONCEI¸¶O QUINT	50,00	EUR	692,96	EUR
2024-06-05	2024-06-05	TRF.DE HUGO TAVARES MARTINS   	45,00	EUR	737,96	EUR
2024-06-05	2024-06-05	TR-MARTA RIBEIRO PEREIRA      	45,00	EUR	782,96	EUR
2024-06-05	2024-06-05	TRF.CRED  M FERNANDA PINTO    	45,00	EUR	827,96	EUR
2024-06-06	2024-06-06	SP-30003908685 ENDESA ENERGIA 	-129,29	EUR	698,67	EUR
2024-06-06	2024-06-06	TRF.CRED  MANUELA SILVA       	45,00	EUR	743,67	EUR
2024-06-12	2024-06-12	SP-00000269196 OTIS-ELEVADORES	-206,32	EUR	537,35	EUR
2024-06-13	2024-06-13	TR-ANTONIO JOAO ANJOS JUSTINO 	45,00	EUR	582,35	EUR
2024-06-14	2024-06-14	SOLU¸¶O E.CONDOM¿NIO          	-7,00	EUR	575,35	EUR
2024-06-14	2024-06-14	I.S. COM. MAN. CTA PACOTE     	-0,28	EUR	575,07	EUR
2024-06-27	2024-06-27	TR-CATIA ANDREIA BASTOS MORAIS	20,00	EUR	595,07	EUR
2024-06-30	2024-06-30	TRF.DE MARIA ISABEL SANTOS MEL	45,00	EUR	640,07	EUR
2024-07-01	2024-07-01	TRF.DE LU¿S ANTøNIO CAEIRO DIA	45,00	EUR	685,07	EUR
2024-07-01	2024-07-01	EMISS¶O EXTR. CONTA-2024-06-30	-1,00	EUR	684,07	EUR
2024-07-01	2024-07-01	I.SELO OP.BANC.    -2024-06-30	-0,04	EUR	684,03	EUR
2024-07-01	2024-07-01	TRF. P/ DP NR. 027-15.010650-1	-60,00	EUR	624,03	EUR
2024-07-02	2024-07-02	TR-JOAO MANUEL BORGES GUERRA  	45,00	EUR	669,03	EUR
2024-07-02	2024-07-02	TR-MARTA RIBEIRO PEREIRA      	45,00	EUR	714,03	EUR
2024-07-02	2024-07-02	TR-FERNANDO JORGE DOS SANTOS  	90,00	EUR	804,03	EUR
2024-07-05	2024-07-05	TRF.DE MARISIA CONCEI¸¶O QUINT	50,00	EUR	854,03	EUR
2024-07-05	2024-07-05	TRF.DE HUGO TAVARES MARTINS   	45,00	EUR	899,03	EUR
2024-07-05	2024-07-05	TR-MIGUEL ALEXANDRE SCATOLA PR	90,00	EUR	989,03	EUR
2024-07-05	2024-07-05	TRF.CRED  M FERNANDA PINTO    	45,00	EUR	1.034,03	EUR
2024-07-08	2024-07-08	SP-30003908685 ENDESA ENERGIA 	-150,24	EUR	883,79	EUR
2024-07-09	2024-07-09	TR-IPS-EDMUNDO FRANCISCO REBEL	45,00	EUR	928,79	EUR
2024-07-12	2024-07-12	SP-00000269196 OTIS-ELEVADORES	-206,32	EUR	722,47	EUR
2024-07-14	2024-07-14	SOLU¸¶O E.CONDOM¿NIO          	-7,00	EUR	715,47	EUR
2024-07-14	2024-07-14	I.S. COM. MAN. CTA PACOTE     	-0,28	EUR	715,19	EUR
2024-07-16	2024-07-16	TR-ANTONIO JOAO ANJOS JUSTINO 	45,00	EUR	760,19	EUR
2024-07-30	2024-07-30	TRF.DE MARIA ISABEL SANTOS MEL	45,00	EUR	805,19	EUR
2024-07-30	2024-07-30	TR-CATIA ANDREIA BASTOS MORAIS	20,00	EUR	825,19	EUR
2024-08-01	2024-08-01	TRF.DE LU¿S ANTøNIO CAEIRO DIA	45,00	EUR	870,19	EUR
2024-08-01	2024-08-01	TR-FERNANDO JORGE DOS SANTOS  	45,00	EUR	915,19	EUR
2024-08-01	2024-08-01	TR-JOAO MANUEL BORGES GUERRA  	45,00	EUR	960,19	EUR
2024-08-01	2024-08-01	EMISS¶O EXTR. CONTA-2024-07-31	-1,00	EUR	959,19	EUR
2024-08-01	2024-08-01	I.SELO OP.BANC.    -2024-07-31	-0,04	EUR	959,15	EUR
2024-08-01	2024-08-01	TRF. P/ DP NR. 027-15.010650-1	-60,00	EUR	899,15	EUR
2024-08-02	2024-08-02	TR-MARTA RIBEIRO PEREIRA      	45,00	EUR	944,15	EUR
2024-08-05	2024-08-05	TR-MIGUEL ALEXANDRE SCATOLA PR	45,00	EUR	989,15	EUR
2024-08-05	2024-08-05	TRF.DE HUGO TAVARES MARTINS   	45,00	EUR	1.034,15	EUR
2024-08-05	2024-08-05	SP-30003908685 ENDESA ENERGIA 	-149,81	EUR	884,34	EUR
2024-08-06	2024-08-06	TRF.CRED  M FERNANDA PINTO    	45,00	EUR	929,34	EUR
2024-08-12	2024-08-12	TRF.CRED  MANUELA SILVA       	45,00	EUR	974,34	EUR
2024-08-12	2024-08-12	TR-ANTONIO JOAO ANJOS JUSTINO 	45,00	EUR	1.019,34	EUR
2024-08-13	2024-08-13	SP-00000269196 OTIS-ELEVADORES	-206,32	EUR	813,02	EUR
2024-08-14	2024-08-14	SOLU¸¶O E.CONDOM¿NIO          	-7,00	EUR	806,02	EUR
2024-08-14	2024-08-14	I.S. COM. MAN. CTA PACOTE     	-0,28	EUR	805,74	EUR
2024-08-16	2024-08-16	TR-CESAR DAVID SANTOS SA      	97,50	EUR	903,24	EUR
2024-08-29	2024-08-29	TR-CATIA ANDREIA BASTOS MORAIS	20,00	EUR	923,24	EUR
2024-08-30	2024-08-30	TRF.DE MARIA ISABEL SANTOS MEL	45,00	EUR	968,24	EUR
2024-08-30	2024-08-30	SP-30003908685 ENDESA ENERGIA 	-148,06	EUR	820,18	EUR
2024-09-01	2024-09-01	TRF.DE LU¿S ANTøNIO CAEIRO DIA	45,00	EUR	865,18	EUR
2024-09-01	2024-09-01	EMISS¶O EXTR. CONTA-2024-08-31	-1,00	EUR	864,18	EUR
2024-09-01	2024-09-01	I.SELO OP.BANC.    -2024-08-31	-0,04	EUR	864,14	EUR
2024-09-01	2024-09-01	TRF. P/ DP NR. 027-15.010650-1	-60,00	EUR	804,14	EUR
2024-09-03	2024-09-03	TR-JOAO MANUEL BORGES GUERRA  	45,00	EUR	849,14	EUR
2024-09-03	2024-09-03	TR-MARTA RIBEIRO PEREIRA      	45,00	EUR	894,14	EUR
2024-09-03	2024-09-03	TR-MIGUEL ALEXANDRE SCATOLA PR	45,00	EUR	939,14	EUR
2024-09-03	2024-09-03	TRF.CRED  M FERNANDA PINTO    	45,00	EUR	984,14	EUR
2024-09-05	2024-09-05	TRF.DE MARISIA CONCEI¸¶O QUINT	50,00	EUR	1.034,14	EUR
2024-09-05	2024-09-05	TRF.DE HUGO TAVARES MARTINS   	45,00	EUR	1.079,14	EUR
2024-09-05	2024-09-05	TR-NEIDE PATRICIA HENRIQUES SO	45,00	EUR	1.124,14	EUR
2024-09-05	2024-09-05	TR-IPS-EDMUNDO FRANCISCO REBEL	45,00	EUR	1.169,14	EUR
2024-09-11	2024-09-11	SP-00000269196 OTIS-ELEVADORES	-206,32	EUR	962,82	EUR
2024-09-13	2024-09-13	TR-ANTONIO JOAO ANJOS JUSTINO 	45,00	EUR	1.007,82	EUR
2024-09-14	2024-09-14	SOLU¸¶O E.CONDOM¿NIO          	-7,00	EUR	1.000,82	EUR
2024-09-14	2024-09-14	I.S. COM. MAN. CTA PACOTE     	-0,28	EUR	1.000,54	EUR
2024-09-27	2024-09-27	TR-CATIA ANDREIA BASTOS MORAIS	20,00	EUR	1.020,54	EUR
2024-09-30	2024-09-30	TRF.DE MARIA ISABEL SANTOS MEL	45,00	EUR	1.065,54	EUR
2024-10-01	2024-10-01	TRF.DE LU¿S ANTøNIO CAEIRO DIA	45,00	EUR	1.110,54	EUR
2024-10-01	2024-10-01	TR-JOAO MANUEL BORGES GUERRA  	45,00	EUR	1.155,54	EUR
2024-10-01	2024-10-01	EMISS¶O EXTR. CONTA-2024-09-30	-1,00	EUR	1.154,54	EUR
2024-10-01	2024-10-01	I.SELO OP.BANC.    -2024-09-30	-0,04	EUR	1.154,50	EUR
2024-10-01	2024-10-01	TRF. P/ DP NR. 027-15.010650-1	-60,00	EUR	1.094,50	EUR
2024-10-02	2024-10-02	SP-30003908685 ENDESA ENERGIA 	-144,74	EUR	949,76	EUR
2024-10-03	2024-10-03	TR-MARTA RIBEIRO PEREIRA      	45,00	EUR	994,76	EUR
2024-10-04	2024-10-04	TRF.CRED  M FERNANDA PINTO    	45,00	EUR	1.039,76	EUR
2024-10-05	2024-10-05	TRF.DE MARISIA CONCEI¸¶O QUINT	50,00	EUR	1.089,76	EUR
2024-10-05	2024-10-05	TRF.DE HUGO TAVARES MARTINS   	45,00	EUR	1.134,76	EUR
2024-10-07	2024-10-07	TR-NEIDE PATRICIA HENRIQUES SO	45,00	EUR	1.179,76	EUR
2024-10-07	2024-10-07	TR-IPS-EDMUNDO FRANCISCO REBEL	45,00	EUR	1.224,76	EUR
2024-10-11	2024-10-11	SP-00000269196 OTIS-ELEVADORES	-206,32	EUR	1.018,44	EUR
2024-10-11	2024-10-11	TR-ANTONIO JOAO ANJOS JUSTINO 	45,00	EUR	1.063,44	EUR
2024-10-14	2024-10-14	SOLU¸¶O E.CONDOM¿NIO          	-7,00	EUR	1.056,44	EUR
2024-10-14	2024-10-14	I.S. COM. MAN. CTA PACOTE     	-0,28	EUR	1.056,16	EUR
2024-10-18	2024-10-18	PAG.SERV. 21235 013324947     	-514,76	EUR	541,40	EUR
2024-10-22	2024-10-22	TR-CESAR DAVID DOS SANTOS DE S	277,50	EUR	818,90	EUR
2024-10-23	2024-10-23	TR-FERNANDO JORGE DOS SANTOS  	45,00	EUR	863,90	EUR
2024-10-28	2024-10-28	SP-30003908685 ENDESA ENERGIA 	-146,47	EUR	717,43	EUR
2024-10-30	2024-10-30	TRF.DE MARIA ISABEL SANTOS MEL	45,00	EUR	762,43	EUR
2024-10-30	2024-10-30	TR-CATIA ANDREIA BASTOS MORAIS	60,00	EUR	822,43	EUR
2024-11-01	2024-11-01	TRF.DE LU¿S ANTøNIO CAEIRO DIA	45,00	EUR	867,43	EUR
2024-11-01	2024-11-01	TR-JOAO MANUEL BORGES GUERRA  	45,00	EUR	912,43	EUR
2024-11-01	2024-11-01	EMISS¶O EXTR. CONTA-2024-10-31	-1,00	EUR	911,43	EUR
2024-11-01	2024-11-01	I.SELO OP.BANC.    -2024-10-31	-0,04	EUR	911,39	EUR
2024-11-01	2024-11-01	TRF. P/ DP NR. 027-15.010650-1	-60,00	EUR	851,39	EUR
2024-11-04	2024-11-04	TR-CL UDIA RUTE NUNES CARRI¶O 	558,25	EUR	1.409,64	EUR
2024-11-04	2024-11-04	TR-IPS-EDMUNDO FRANCISCO REBEL	45,00	EUR	1.454,64	EUR
2024-11-05	2024-11-05	TRF.DE MARISIA CONCEI¸¶O QUINT	50,00	EUR	1.504,64	EUR
2024-11-05	2024-11-05	TRF.DE HUGO TAVARES MARTINS   	45,00	EUR	1.549,64	EUR
2024-11-05	2024-11-05	TR-NEIDE PATRICIA HENRIQUES SO	45,00	EUR	1.594,64	EUR
2024-11-05	2024-11-05	TR-MARTA RIBEIRO PEREIRA      	45,00	EUR	1.639,64	EUR
2024-11-05	2024-11-05	TR-MIGUEL ALEXANDRE SCATOLA PR	90,00	EUR	1.729,64	EUR
2024-11-05	2024-11-05	TRF.CRED  M FERNANDA PINTO    	45,00	EUR	1.774,64	EUR
2024-11-09	2024-11-09	COMISS. EXTRATO NET24         	-1,00	EUR	1.773,64	EUR
2024-11-09	2024-11-09	IMP.SELO S/OP.BANCARIAS       	-0,04	EUR	1.773,60	EUR
2024-11-12	2024-11-12	SP-00000269196 OTIS-ELEVADORES	-218,92	EUR	1.554,68	EUR
2024-11-12	2024-11-12	TR-ANTONIO JOAO ANJOS JUSTINO 	45,00	EUR	1.599,68	EUR
2024-11-14	2024-11-14	SOLU¸¶O E.CONDOM¿NIO          	-7,00	EUR	1.592,68	EUR
2024-11-14	2024-11-14	I.S. COM. MAN. CTA PACOTE     	-0,28	EUR	1.592,40	EUR
2024-11-30	2024-11-30	TRF.DE MARIA ISABEL SANTOS MEL	45,00	EUR	1.637,40	EUR
2024-12-01	2024-12-01	TRF.DE LU¿S ANTøNIO CAEIRO DIA	45,00	EUR	1.682,40	EUR
2024-12-01	2024-12-01	EMISS¶O EXTR. CONTA-2024-11-30	-1,00	EUR	1.681,40	EUR
2024-12-01	2024-12-01	I.SELO OP.BANC.    -2024-11-30	-0,04	EUR	1.681,36	EUR
2024-12-01	2024-12-01	TRF. P/ DP NR. 027-15.010650-1	-60,00	EUR	1.621,36	EUR
2024-12-02	2024-12-02	SP-30003908685 ENDESA ENERGIA 	-143,73	EUR	1.477,63	EUR
2024-12-02	2024-12-02	TRF.CRED  MANUELA SILVA       	45,00	EUR	1.522,63	EUR
2024-12-03	2024-12-03	TR-JOAO MANUEL BORGES GUERRA  	45,00	EUR	1.567,63	EUR
2024-12-04	2024-12-04	TR-MARTA RIBEIRO PEREIRA      	45,00	EUR	1.612,63	EUR
2024-12-04	2024-12-04	TRF.CRED  M FERNANDA PINTO    	45,00	EUR	1.657,63	EUR
2024-12-05	2024-12-05	TRF.DE MARISIA CONCEI¸¶O QUINT	50,00	EUR	1.707,63	EUR
2024-12-05	2024-12-05	TRF.DE HUGO TAVARES MARTINS   	45,00	EUR	1.752,63	EUR
2024-12-05	2024-12-05	TR-NEIDE PATRICIA HENRIQUES SO	45,00	EUR	1.797,63	EUR
2024-12-06	2024-12-06	TR-ANTONIO JOAO ANJOS JUSTINO 	45,00	EUR	1.842,63	EUR
2024-12-11	2024-12-11	SP-00000269196 OTIS-ELEVADORES	-218,92	EUR	1.623,71	EUR
2024-12-14	2024-12-14	SOLU¸¶O E.CONDOM¿NIO          	-7,00	EUR	1.616,71	EUR
2024-12-14	2024-12-14	I.S. COM. MAN. CTA PACOTE     	-0,28	EUR	1.616,43	EUR
2024-12-18	2024-12-18	TRF.P/ JOSE   NICOLE,LDA      	-198,65	EUR	1.417,78	EUR
2024-12-18	2024-12-18	TRF.IPS P/ FABIO HENRIQUE PEI 	-140,00	EUR	1.277,78	EUR
2024-12-24	2024-12-24	TR-MANUEL ROCHA RODRIGUES     	450,00	EUR	1.727,78	EUR
2024-12-30	2024-12-30	TRF.DE MARIA ISABEL SANTOS MEL	45,00	EUR	1.772,78	EUR
2025-01-01	2025-01-01	TRF.DE LU¿S ANTøNIO CAEIRO DIA	45,00	EUR	1.817,78	EUR
2025-01-01	2025-01-01	EMISS¶O EXTR. CONTA-2024-12-31	-1,00	EUR	1.816,78	EUR
2025-01-01	2025-01-01	I.SELO OP.BANC.    -2024-12-31	-0,04	EUR	1.816,74	EUR
2025-01-01	2025-01-01	TRF. P/ DP NR. 027-15.010650-1	-60,00	EUR	1.756,74	EUR
2025-01-02	2025-01-02	TR-JOAO MANUEL BORGES GUERRA  	45,00	EUR	1.801,74	EUR
2025-01-02	2025-01-02	SP-30003908685 ENDESA ENERGIA 	-151,59	EUR	1.650,15	EUR
2025-01-02	2025-01-02	TR-IPS-CARLOS ALBERTO SILVA DI	45,00	EUR	1.695,15	EUR
2025-01-03	2025-01-03	TR-JOAO MANUEL BORGES GUERRA  	45,00	EUR	1.740,15	EUR
2025-01-05	2025-01-05	TRF.DE MARISIA CONCEI¸¶O QUINT	50,00	EUR	1.790,15	EUR
2025-01-05	2025-01-05	TRF.DE HUGO TAVARES MARTINS   	45,00	EUR	1.835,15	EUR
2025-01-07	2025-01-07	TR-NEIDE PATRICIA HENRIQUES SO	45,00	EUR	1.880,15	EUR
2025-01-07	2025-01-07	TR-MARTA RIBEIRO PEREIRA      	45,00	EUR	1.925,15	EUR
2025-01-08	2025-01-08	TR-ANTONIO JOAO ANJOS JUSTINO 	45,00	EUR	1.970,15	EUR
2025-01-08	2025-01-08	TR-IPS-MARIA MANUELA FERREIRA 	45,00	EUR	2.015,15	EUR
2025-01-09	2025-01-09	TR-IPS-CATIA ANDREIA BASTOS MO	20,00	EUR	2.035,15	EUR
2025-01-13	2025-01-13	SP-00000269196 OTIS-ELEVADORES	-218,92	EUR	1.816,23	EUR
2025-01-14	2025-01-14	TRF.IPS P/ RUI MIGUEL REDOL P 	-963,00	EUR	853,23	EUR
2025-01-14	2025-01-14	SOLU¸¶O E.CONDOM¿NIO          	-7,00	EUR	846,23	EUR
2025-01-14	2025-01-14	I.S. COM. MAN. CTA PACOTE     	-0,28	EUR	845,95	EUR
2025-01-15	2025-01-15	TR-CESAR DAVID DOS SANTOS DE S	90,00	EUR	935,95	EUR
2025-01-28	2025-01-28	TR-FERNANDO JORGE DOS SANTOS  	45,00	EUR	980,95	EUR
2025-01-29	2025-01-29	TR-IPS-CATIA ANDREIA BASTOS MO	20,00	EUR	1.000,95	EUR
2025-01-30	2025-01-30	TRF.DE MARIA ISABEL SANTOS MEL	45,00	EUR	1.045,95	EUR
2025-01-30	2025-01-30	SP-30003908685 ENDESA ENERGIA 	-155,18	EUR	890,77	EUR
2025-02-01	2025-02-01	TRF.DE LU¿S ANTøNIO CAEIRO DIA	45,00	EUR	935,77	EUR
2025-02-01	2025-02-01	EMISS¶O EXTR. CONTA-2025-01-31	-1,00	EUR	934,77	EUR
2025-02-01	2025-02-01	I.SELO OP.BANC.    -2025-01-31	-0,04	EUR	934,73	EUR
2025-02-01	2025-02-01	TRF. P/ DP NR. 027-15.010650-1	-60,00	EUR	874,73	EUR
2025-02-02	2025-02-02	TR-IPS-MARIA MANUELA FERREIRA 	45,00	EUR	919,73	EUR
2025-02-03	2025-02-03	TR-IPS-MIGUEL ALEXANDRE SCATOL	80,00	EUR	999,73	EUR
2025-02-04	2025-02-04	TR-JOAO MANUEL BORGES GUERRA  	45,00	EUR	1.044,73	EUR
2025-02-04	2025-02-04	TR-FERNANDO JORGE DOS SANTOS  	45,00	EUR	1.089,73	EUR
2025-02-04	2025-02-04	TR-IPS-CARLOS ALBERTO SILVA DI	45,00	EUR	1.134,73	EUR
2025-02-05	2025-02-05	TRF.DE MARISIA CONCEI¸¶O QUINT	50,00	EUR	1.184,73	EUR
2025-02-05	2025-02-05	TRF.DE HUGO TAVARES MARTINS   	45,00	EUR	1.229,73	EUR
2025-02-05	2025-02-05	TR-MARTA RIBEIRO PEREIRA      	45,00	EUR	1.274,73	EUR
2025-02-05	2025-02-05	TR-NEIDE PATRICIA HENRIQUES SO	45,00	EUR	1.319,73	EUR
2025-02-11	2025-02-11	SP-00000269196 OTIS-ELEVADORES	-218,92	EUR	1.100,81	EUR
2025-02-12	2025-02-12	TR-ANTONIO JOAO ANJOS JUSTINO 	45,00	EUR	1.145,81	EUR
2025-02-14	2025-02-14	SOLU¸¶O E.CONDOM¿NIO          	-7,00	EUR	1.138,81	EUR
2025-02-14	2025-02-14	I.S. COM. MAN. CTA PACOTE     	-0,28	EUR	1.138,53	EUR
2025-02-26	2025-02-26	TR-IPS-CATIA ANDREIA BASTOS MO	20,00	EUR	1.158,53	EUR
2025-02-28	2025-02-28	TRF.DE MARIA ISABEL SANTOS MEL	45,00	EUR	1.203,53	EUR
2025-02-28	2025-02-28	SP-30003908685 ENDESA ENERGIA 	-158,70	EUR	1.044,83	EUR
2025-03-01	2025-03-01	TRF.DE LU¿S ANTøNIO CAEIRO DIA	45,00	EUR	1.089,83	EUR
2025-03-01	2025-03-01	EMISS¶O EXTR. CONTA-2025-02-28	-1,00	EUR	1.088,83	EUR
2025-03-01	2025-03-01	I.SELO OP.BANC.    -2025-02-28	-0,04	EUR	1.088,79	EUR
2025-03-01	2025-03-01	TRF. P/ DP NR. 027-15.010650-1	-60,00	EUR	1.028,79	EUR
2025-03-02	2025-03-02	TR-IPS-CLAUDIA RUTE NUNES CARR	45,00	EUR	1.073,79	EUR
2025-03-03	2025-03-03	TR-IPS-CARLOS ALBERTO SILVA DI	45,00	EUR	1.118,79	EUR
2025-03-04	2025-03-04	TR-JOAO MANUEL BORGES GUERRA  	45,00	EUR	1.163,79	EUR
2025-03-05	2025-03-05	TR-NEIDE PATRICIA HENRIQUES SO	45,00	EUR	1.208,79	EUR
2025-03-05	2025-03-05	TRF.DE MARISIA CONCEI¸¶O QUINT	50,00	EUR	1.258,79	EUR
2025-03-05	2025-03-05	TRF.DE HUGO TAVARES MARTINS   	45,00	EUR	1.303,79	EUR
2025-03-05	2025-03-05	TR-IPS-MIGUEL ALEXANDRE SCATOL	40,00	EUR	1.343,79	EUR
2025-03-07	2025-03-07	TR-ANTONIO JOAO ANJOS JUSTINO 	45,00	EUR	1.388,79	EUR
2025-03-10	2025-03-10	TR-MARTA RIBEIRO PEREIRA      	45,00	EUR	1.433,79	EUR
2025-03-11	2025-03-11	SP-00000269196 OTIS-ELEVADORES	-218,92	EUR	1.214,87	EUR
2025-03-13	2025-03-13	TR-IPS-EDMUNDO FRANCISCO REBEL	45,00	EUR	1.259,87	EUR
2025-03-14	2025-03-14	SOLU¸¶O E.CONDOM¿NIO          	-7,00	EUR	1.252,87	EUR
2025-03-14	2025-03-14	I.S. COM. MAN. CTA PACOTE     	-0,28	EUR	1.252,59	EUR
2025-03-20	2025-03-20	TR-FERNANDO JORGE DOS SANTOS  	45,00	EUR	1.297,59	EUR
2025-03-27	2025-03-27	TR-IPS-CATIA ANDREIA BASTOS MO	20,00	EUR	1.317,59	EUR
2025-03-27	2025-03-27	TRF.IPS P/ JOSE CARLOS SANDE  	-60,00	EUR	1.257,59	EUR
2025-03-28	2025-03-28	SP-30003908685 ENDESA ENERGIA 	-139,59	EUR	1.118,00	EUR
2025-03-30	2025-03-30	TRF.DE MARIA ISABEL SANTOS MEL	45,00	EUR	1.163,00	EUR
2025-04-01	2025-04-01	TRF.DE LU¿S ANTøNIO CAEIRO DIA	45,00	EUR	1.208,00	EUR
2025-04-01	2025-04-01	TR-CLAUDIA RUTE NUNES CARRICO 	45,00	EUR	1.253,00	EUR
2025-04-01	2025-04-01	EMISS¶O EXTR. CONTA-2025-03-31	-1,00	EUR	1.252,00	EUR
2025-04-01	2025-04-01	I.SELO OP.BANC.    -2025-03-31	-0,04	EUR	1.251,96	EUR
2025-04-01	2025-04-01	TRF. P/ DP NR. 027-15.010650-1	-60,00	EUR	1.191,96	EUR
2025-04-02	2025-04-02	TR-MARTA RIBEIRO PEREIRA      	45,00	EUR	1.236,96	EUR
2025-04-03	2025-04-03	TR-JOAO MANUEL BORGES GUERRA  	45,00	EUR	1.281,96	EUR
2025-04-03	2025-04-03	TR-IPS-CARLOS ALBERTO SILVA DI	45,00	EUR	1.326,96	EUR
2025-04-04	2025-04-04	TR-FERNANDO JORGE DOS SANTOS  	45,00	EUR	1.371,96	EUR
2025-04-05	2025-04-05	TRF.DE MARISIA CONCEI¸¶O QUINT	50,00	EUR	1.421,96	EUR
2025-04-05	2025-04-05	TRF.DE HUGO TAVARES MARTINS   	45,00	EUR	1.466,96	EUR
2025-04-07	2025-04-07	TR-NEIDE PATRICIA HENRIQUES SO	45,00	EUR	1.511,96	EUR
2025-04-07	2025-04-07	TR-IPS-NUNO FILIPE SANTOS BARR	180,00	EUR	1.691,96	EUR
2025-04-11	2025-04-11	SP-00000269196 OTIS-ELEVADORES	-218,92	EUR	1.473,04	EUR
2025-04-14	2025-04-14	TRF.CRED  MANUELA SILVA       	45,00	EUR	1.518,04	EUR
2025-04-14	2025-04-14	SOLU¸¶O E.CONDOM¿NIO          	-7,00	EUR	1.511,04	EUR
2025-04-14	2025-04-14	I.S. COM. MAN. CTA PACOTE     	-0,28	EUR	1.510,76	EUR
2025-04-16	2025-04-16	TR-IPS-ANTONIO JOAO ANJOS JUST	45,00	EUR	1.555,76	EUR
2025-04-28	2025-04-28	TR-IPS-CATIA ANDREIA BASTOS MO	20,00	EUR	1.575,76	EUR
2025-04-30	2025-04-30	TRF.DE MARIA ISABEL SANTOS MEL	45,00	EUR	1.620,76	EUR
2025-05-01	2025-05-01	TRF.DE LU¿S ANTøNIO CAEIRO DIA	45,00	EUR	1.665,76	EUR
2025-05-01	2025-05-01	EMISS¶O EXTR. CONTA-2025-04-30	-1,00	EUR	1.664,76	EUR
2025-05-01	2025-05-01	I.SELO OP.BANC.    -2025-04-30	-0,04	EUR	1.664,72	EUR
2025-05-01	2025-05-01	TRF. P/ DP NR. 027-15.010650-1	-60,00	EUR	1.604,72	EUR
2025-05-02	2025-05-02	SP-30003908685 ENDESA ENERGIA 	-156,64	EUR	1.448,08	EUR
2025-05-05	2025-05-05	TR-MARTA RIBEIRO PEREIRA      	45,00	EUR	1.493,08	EUR
2025-05-05	2025-05-05	TR-JOAO MANUEL BORGES GUERRA  	45,00	EUR	1.538,08	EUR
2025-05-05	2025-05-05	TRF.DE MARISIA CONCEI¸¶O QUINT	50,00	EUR	1.588,08	EUR
2025-05-05	2025-05-05	TRF.DE HUGO TAVARES MARTINS   	45,00	EUR	1.633,08	EUR
2025-05-06	2025-05-06	TR-NEIDE PATRICIA HENRIQUES SO	45,00	EUR	1.678,08	EUR
2025-05-06	2025-05-06	TR-FERNANDO JORGE DOS SANTOS  	45,00	EUR	1.723,08	EUR
2025-05-06	2025-05-06	TR-IPS-CARLOS ALBERTO SILVA DI	45,00	EUR	1.768,08	EUR
2025-05-09	2025-05-09	TR-IPS-EDMUNDO FRANCISCO REBEL	45,00	EUR	1.813,08	EUR
2025-05-12	2025-05-12	TR-ANTONIO JOAO ANJOS JUSTINO 	45,00	EUR	1.858,08	EUR
2025-05-13	2025-05-13	SP-00000269196 OTIS-ELEVADORES	-218,92	EUR	1.639,16	EUR
2025-05-14	2025-05-14	SOLU¸¶O E.CONDOM¿NIO          	-7,00	EUR	1.632,16	EUR
2025-05-14	2025-05-14	I.S. COM. MAN. CTA PACOTE     	-0,28	EUR	1.631,88	EUR
2025-05-28	2025-05-28	TR-IPS-CATIA ANDREIA BASTOS MO	20,00	EUR	1.651,88	EUR
2025-05-29	2025-05-29	SP-30003908685 ENDESA ENERGIA 	-149,12	EUR	1.502,76	EUR
2025-05-30	2025-05-30	TRF.DE MARIA ISABEL SANTOS MEL	45,00	EUR	1.547,76	EUR
2025-06-01	2025-06-01	TRF.DE LU¿S ANTøNIO CAEIRO DIA	45,00	EUR	1.592,76	EUR
2025-06-01	2025-06-01	TR-IPS-MARIA MANUELA FERREIRA 	45,00	EUR	1.637,76	EUR
2025-06-01	2025-06-01	EMISS¶O EXTR. CONTA-2025-05-31	-1,00	EUR	1.636,76	EUR
2025-06-01	2025-06-01	I.SELO OP.BANC.    -2025-05-31	-0,04	EUR	1.636,72	EUR
2025-06-01	2025-06-01	TRF. P/ DP NR. 027-15.010650-1	-60,00	EUR	1.576,72	EUR
2025-06-02	2025-06-02	TR-IPS-MIGUEL ALEXANDRE SCATOL	120,00	EUR	1.696,72	EUR
2025-06-03	2025-06-03	TR-MARTA RIBEIRO PEREIRA      	45,00	EUR	1.741,72	EUR
2025-06-03	2025-06-03	TR-JOAO MANUEL BORGES GUERRA  	45,00	EUR	1.786,72	EUR
2025-06-04	2025-06-04	TR-FERNANDO JORGE DOS SANTOS  	45,00	EUR	1.831,72	EUR
2025-06-04	2025-06-04	TR-IPS-CARLOS ALBERTO SILVA DI	45,00	EUR	1.876,72	EUR
2025-06-05	2025-06-05	TRF.DE MARISIA CONCEI¸¶O QUINT	50,00	EUR	1.926,72	EUR
2025-06-05	2025-06-05	TRF.DE HUGO TAVARES MARTINS   	45,00	EUR	1.971,72	EUR
2025-06-05	2025-06-05	TR-NEIDE PATRICIA HENRIQUES SO	45,00	EUR	2.016,72	EUR
2025-06-11	2025-06-11	TR-ANTONIO JOAO ANJOS JUSTINO 	45,00	EUR	2.061,72	EUR
2025-06-12	2025-06-12	DD-OTIS-ELEVADORES            	-218,92	EUR	1.842,80	EUR
2025-06-14	2025-06-14	SOLU¸¶O E.CONDOM¿NIO          	-7,00	EUR	1.835,80	EUR
2025-06-14	2025-06-14	I.S. COM. MAN. CTA PACOTE     	-0,28	EUR	1.835,52	EUR
2025-06-26	2025-06-26	TR-IPS-CATIA ANDREIA BASTOS MO	20,00	EUR	1.855,52	EUR
2025-06-30	2025-06-30	TRF.DE MARIA ISABEL SANTOS MEL	45,00	EUR	1.900,52	EUR
2025-07-01	2025-07-01	TRF.DE LU¿S ANTøNIO CAEIRO DIA	45,00	EUR	1.945,52	EUR
2025-07-01	2025-07-01	DD-ENDESA ENERGIA             	-156,64	EUR	1.788,88	EUR
2025-07-01	2025-07-01	TR-JOAO MANUEL BORGES GUERRA  	45,00	EUR	1.833,88	EUR
2025-07-01	2025-07-01	EMISS¶O EXTR. CONTA-2025-06-30	-1,00	EUR	1.832,88	EUR
2025-07-01	2025-07-01	I.SELO OP.BANC.    -2025-06-30	-0,04	EUR	1.832,84	EUR
2025-07-01	2025-07-01	TRF. P/ DP NR. 027-15.010650-1	-60,00	EUR	1.772,84	EUR
2025-07-03	2025-07-03	TR-MARTA RIBEIRO PEREIRA      	45,00	EUR	1.817,84	EUR
2025-07-04	2025-07-04	TR-FERNANDO JORGE DOS SANTOS  	45,00	EUR	1.862,84	EUR
2025-07-04	2025-07-04	TR-IPS-CARLOS ALBERTO SILVA DI	45,00	EUR	1.907,84	EUR
2025-07-05	2025-07-05	TRF.DE MARISIA CONCEI¸¶O QUINT	50,00	EUR	1.957,84	EUR
2025-07-05	2025-07-05	TRF.DE PEDRO MIGUEL REBELO SIL	37,50	EUR	1.995,34	EUR
2025-07-05	2025-07-05	TRF.DE HUGO TAVARES MARTINS   	45,00	EUR	2.040,34	EUR
2025-07-07	2025-07-07	TR-NEIDE PATRICIA HENRIQUES SO	45,00	EUR	2.085,34	EUR
2025-07-08	2025-07-08	TR-ANTONIO JOAO ANJOS JUSTINO 	45,00	EUR	2.130,34	EUR
2025-07-14	2025-07-14	DD-OTIS-ELEVADORES            	-218,92	EUR	1.911,42	EUR
2025-07-14	2025-07-14	SOLU¸¶O E.CONDOM¿NIO          	-7,00	EUR	1.904,42	EUR
2025-07-14	2025-07-14	I.S. COM. MAN. CTA PACOTE     	-0,28	EUR	1.904,14	EUR
2025-07-23	2025-07-23	TR-IPS-EDMUNDO FRANCISCO REBEL	45,00	EUR	1.949,14	EUR
2025-07-28	2025-07-28	DD-ENDESA ENERGIA             	-153,77	EUR	1.795,37	EUR
2025-07-29	2025-07-29	TR-IPS-CATIA ANDREIA BASTOS MO	20,00	EUR	1.815,37	EUR
2025-07-30	2025-07-30	TRF.DE MARIA ISABEL SANTOS MEL	45,00	EUR	1.860,37	EUR
2025-08-01	2025-08-01	TRF.DE LU¿S ANTøNIO CAEIRO DIA	45,00	EUR	1.905,37	EUR
2025-08-01	2025-08-01	TR-JOAO MANUEL BORGES GUERRA  	45,00	EUR	1.950,37	EUR
2025-08-01	2025-08-01	LEV.ATM    8887               	-70,00	EUR	1.880,37	EUR
2025-08-01	2025-08-01	PAG.SERV. 21235 013224947     	-861,00	EUR	1.019,37	EUR
2025-08-01	2025-08-01	EMISS¶O EXTR. CONTA-2025-07-31	-1,00	EUR	1.018,37	EUR
2025-08-01	2025-08-01	I.SELO OP.BANC.    -2025-07-31	-0,04	EUR	1.018,33	EUR
2025-08-01	2025-08-01	TRF. P/ DP NR. 027-15.010650-1	-60,00	EUR	958,33	EUR
2025-08-05	2025-08-05	TRF.DE PEDRO MIGUEL REBELO SIL	37,50	EUR	995,83	EUR
2025-08-05	2025-08-05	TRF.DE HUGO TAVARES MARTINS   	45,00	EUR	1.040,83	EUR
2025-08-05	2025-08-05	TR-MARTA RIBEIRO PEREIRA      	45,00	EUR	1.085,83	EUR
2025-08-05	2025-08-05	TR-NEIDE PATRICIA HENRIQUES SO	45,00	EUR	1.130,83	EUR
2025-08-05	2025-08-05	TR-FERNANDO JORGE DOS SANTOS  	45,00	EUR	1.175,83	EUR
2025-08-05	2025-08-05	TR-IPS-CARLOS ALBERTO SILVA DI	45,00	EUR	1.220,83	EUR
2025-08-07	2025-08-07	TR-IPS-MIGUEL ALEXANDRE SCATOL	40,00	EUR	1.260,83	EUR
2025-08-10	2025-08-10	TR-IPS-CLAUDIA RUTE NUNES CARR	45,00	EUR	1.305,83	EUR
2025-08-11	2025-08-11	TR-ANTONIO JOAO ANJOS JUSTINO 	45,00	EUR	1.350,83	EUR
2025-08-12	2025-08-12	DD-OTIS-ELEVADORES            	-218,92	EUR	1.131,91	EUR
2025-08-14	2025-08-14	SOLU¸¶O E.CONDOM¿NIO          	-9,00	EUR	1.122,91	EUR
2025-08-14	2025-08-14	I.S. COM. MAN. CTA PACOTE     	-0,36	EUR	1.122,55	EUR
2025-08-27	2025-08-27	TR-IPS-CATIA ANDREIA BASTOS MO	20,00	EUR	1.142,55	EUR
2025-08-29	2025-08-29	DD-ENDESA ENERGIA             	-157,42	EUR	985,13	EUR
2025-08-30	2025-08-30	TRF.DE MARIA ISABEL SANTOS MEL	45,00	EUR	1.030,13	EUR
2025-09-01	2025-09-01	TRF.DE LU¿S ANTøNIO CAEIRO DIA	45,00	EUR	1.075,13	EUR
2025-09-01	2025-09-01	EMISS¶O EXTR. CONTA-2025-08-31	-1,00	EUR	1.074,13	EUR
2025-09-01	2025-09-01	I.SELO OP.BANC.    -2025-08-31	-0,04	EUR	1.074,09	EUR
2025-09-01	2025-09-01	TRF. P/ DP NR. 027-15.010650-1	-60,00	EUR	1.014,09	EUR
2025-09-02	2025-09-02	TR-MARTA RIBEIRO PEREIRA      	45,00	EUR	1.059,09	EUR
2025-09-04	2025-09-04	TR-FERNANDO JORGE DOS SANTOS  	45,00	EUR	1.104,09	EUR
2025-09-05	2025-09-05	TRF.DE MARISIA CONCEI¸¶O QUINT	50,00	EUR	1.154,09	EUR
2025-09-05	2025-09-05	TRF.DE HUGO TAVARES MARTINS   	45,00	EUR	1.199,09	EUR
2025-09-05	2025-09-05	TR-NEIDE PATRICIA HENRIQUES SO	45,00	EUR	1.244,09	EUR
2025-09-05	2025-09-05	TR-IPS-CARLOS ALBERTO SILVA DI	45,00	EUR	1.289,09	EUR
2025-09-05	2025-09-05	TR-IPS-MARIA MANUELA FERREIRA 	90,00	EUR	1.379,09	EUR
2025-09-11	2025-09-11	DD-OTIS-ELEVADORES            	-218,92	EUR	1.160,17	EUR
2025-09-14	2025-09-14	SOLU¸¶O E.CONDOM¿NIO          	-9,00	EUR	1.151,17	EUR
2025-09-14	2025-09-14	I.S. COM. MAN. CTA PACOTE     	-0,36	EUR	1.150,81	EUR
2025-09-15	2025-09-15	TR-ANTONIO JOAO ANJOS JUSTINO 	45,00	EUR	1.195,81	EUR
2025-09-26	2025-09-26	TR-IPS-CATIA ANDREIA BASTOS MO	20,00	EUR	1.215,81	EUR
2025-09-29	2025-09-29	DD-ENDESA ENERGIA             	-149,37	EUR	1.066,44	EUR
2025-09-30	2025-09-30	TRF.DE MARIA ISABEL SANTOS MEL	45,00	EUR	1.111,44	EUR
2025-10-01	2025-10-01	TRF.DE LU¿S ANTøNIO CAEIRO DIA	45,00	EUR	1.156,44	EUR
2025-10-01	2025-10-01	TR-JOAO MANUEL BORGES GUERRA  	45,00	EUR	1.201,44	EUR
2025-10-01	2025-10-01	EMISS¶O EXTR. CONTA-2025-09-30	-1,00	EUR	1.200,44	EUR
2025-10-01	2025-10-01	I.SELO OP.BANC.    -2025-09-30	-0,04	EUR	1.200,40	EUR
2025-10-01	2025-10-01	TRF. P/ DP NR. 027-15.010650-1	-60,00	EUR	1.140,40	EUR
2025-10-02	2025-10-02	TR-MARTA RIBEIRO PEREIRA      	45,00	EUR	1.185,40	EUR
2025-10-02	2025-10-02	TR-IPS-CARLOS ALBERTO SILVA DI	45,00	EUR	1.230,40	EUR
2025-10-02	2025-10-02	TR-IPS-MARIA MANUELA FERREIRA 	45,00	EUR	1.275,40	EUR
2025-10-05	2025-10-05	TRF.DE MARISIA CONCEI¸¶O QUINT	50,00	EUR	1.325,40	EUR
2025-10-05	2025-10-05	TRF.DE HUGO TAVARES MARTINS   	45,00	EUR	1.370,40	EUR
2025-10-06	2025-10-06	TR-FERNANDO JORGE DOS SANTOS  	45,00	EUR	1.415,40	EUR
2025-10-06	2025-10-06	TR-IPS-MIGUEL ALEXANDRE SCATOL	80,00	EUR	1.495,40	EUR
2025-10-07	2025-10-07	TR-NEIDE PATRICIA HENRIQUES SO	45,00	EUR	1.540,40	EUR
2025-10-09	2025-10-09	TR-ANTONIO JOAO ANJOS JUSTINO 	45,00	EUR	1.585,40	EUR
2025-10-13	2025-10-13	DD-OTIS-ELEVADORES            	-218,92	EUR	1.366,48	EUR
2025-10-14	2025-10-14	SOLU¸¶O E.CONDOM¿NIO          	-9,00	EUR	1.357,48	EUR
2025-10-14	2025-10-14	I.S. COM. MAN. CTA PACOTE     	-0,36	EUR	1.357,12	EUR
2025-10-21	2025-10-21	LEV.ATM    8887               	-200,00	EUR	1.157,12	EUR
2025-10-21	2025-10-21	LEV.ATM    8887               	-200,00	EUR	957,12	EUR
2025-10-22	2025-10-22	LEV.ATM    8887               	-200,00	EUR	757,12	EUR
2025-10-22	2025-10-22	LEV.ATM    8887               	-200,00	EUR	557,12	EUR
2025-10-23	2025-10-23	LEV.ATM    8887               	-200,00	EUR	357,12	EUR
2025-10-23	2025-10-23	LEV.ATM    8887               	-200,00	EUR	157,12	EUR
2025-10-28	2025-10-28	DD-ENDESA ENERGIA             	-150,12	EUR	7,00	EUR
2025-10-29	2025-10-29	TR-IPS-CATIA ANDREIA BASTOS MO	20,00	EUR	27,00	EUR
2025-10-30	2025-10-30	TRF.DE MARIA ISABEL SANTOS MEL	45,00	EUR	72,00	EUR
2025-11-01	2025-11-01	TRF.DE LU¿S ANTøNIO CAEIRO DIA	45,00	EUR	117,00	EUR
2025-11-01	2025-11-01	EMISS¶O EXTR. CONTA-2025-10-31	-1,00	EUR	116,00	EUR
2025-11-01	2025-11-01	I.SELO OP.BANC.    -2025-10-31	-0,04	EUR	115,96	EUR
2025-11-01	2025-11-01	TRF. P/ DP NR. 027-15.010650-1	-60,00	EUR	55,96	EUR
2025-11-03	2025-11-03	TR-JOAO MANUEL BORGES GUERRA  	45,00	EUR	100,96	EUR
2025-11-04	2025-11-04	TR-MARTA RIBEIRO PEREIRA      	45,00	EUR	145,96	EUR
2025-11-04	2025-11-04	TR-FERNANDO JORGE DOS SANTOS  	45,00	EUR	190,96	EUR
2025-11-04	2025-11-04	TR-IPS-CARLOS ALBERTO SILVA DI	45,00	EUR	235,96	EUR
2025-11-05	2025-11-05	TRF.DE MARISIA CONCEI¸¶O QUINT	50,00	EUR	285,96	EUR
2025-11-05	2025-11-05	TRF.DE HUGO TAVARES MARTINS   	45,00	EUR	330,96	EUR
2025-11-05	2025-11-05	TR-NEIDE PATRICIA HENRIQUES SO	45,00	EUR	375,96	EUR
2025-11-06	2025-11-06	TR-IPS-MIGUEL ALEXANDRE SCATOL	80,00	EUR	455,96	EUR
2025-11-07	2025-11-07	TRF.DE PEDRO MIGUEL REBELO SIL	37,50	EUR	493,46	EUR
2025-11-10	2025-11-10	TR-ANTONIO JOAO ANJOS JUSTINO 	45,00	EUR	538,46	EUR
2025-11-10	2025-11-10	TR-IPS-MARIA MANUELA FERREIRA 	45,00	EUR	583,46	EUR
2025-11-11	2025-11-11	DD-OTIS-ELEVADORES            	-232,27	EUR	351,19	EUR
2025-11-14	2025-11-14	SOLU¸¶O E.CONDOM¿NIO          	-9,00	EUR	342,19	EUR
2025-11-14	2025-11-14	I.S. COM. MAN. CTA PACOTE     	-0,36	EUR	341,83	EUR
2025-11-26	2025-11-26	TR-IPS-CATIA ANDREIA BASTOS MO	20,00	EUR	361,83	EUR
2025-11-28	2025-11-28	DD-ENDESA ENERGIA             	-153,28	EUR	208,55	EUR
2025-11-30	2025-11-30	TRF.DE MARIA ISABEL SANTOS MEL	45,00	EUR	253,55	EUR
2025-12-01	2025-12-01	TRF.DE LU¿S ANTøNIO CAEIRO DIA	45,00	EUR	298,55	EUR
2025-12-01	2025-12-01	EMISS¶O EXTR. CONTA-2025-11-30	-1,00	EUR	297,55	EUR
2025-12-01	2025-12-01	I.SELO OP.BANC.    -2025-11-30	-0,04	EUR	297,51	EUR
2025-12-01	2025-12-01	TRF. P/ DP NR. 027-15.010650-1	-60,00	EUR	237,51	EUR
2025-12-03	2025-12-03	TR-JOAO MANUEL BORGES GUERRA  	45,00	EUR	282,51	EUR
2025-12-03	2025-12-03	TR-MARTA RIBEIRO PEREIRA      	45,00	EUR	327,51	EUR
2025-12-03	2025-12-03	TR-IPS-CARLOS ALBERTO SILVA DI	45,00	EUR	372,51	EUR
2025-12-04	2025-12-04	TR-FERNANDO JORGE DOS SANTOS  	45,00	EUR	417,51	EUR
2025-12-05	2025-12-05	TRF.DE MARISIA CONCEI¸¶O QUINT	50,00	EUR	467,51	EUR
2025-12-05	2025-12-05	TRF.DE HUGO TAVARES MARTINS   	45,00	EUR	512,51	EUR
2025-12-05	2025-12-05	TR-NEIDE PATRICIA HENRIQUES SO	45,00	EUR	557,51	EUR
2025-12-06	2025-12-06	TRF.DE PEDRO MIGUEL REBELO SIL	37,50	EUR	595,01	EUR
2025-12-09	2025-12-09	TR-ANTONIO JOAO ANJOS JUSTINO 	45,00	EUR	640,01	EUR
2025-12-11	2025-12-11	DD-OTIS-ELEVADORES            	-110,68	EUR	529,33	EUR
2025-12-14	2025-12-14	SOLU¸¶O E.CONDOM¿NIO          	-9,00	EUR	520,33	EUR
2025-12-14	2025-12-14	I.S. COM. MAN. CTA PACOTE     	-0,36	EUR	519,97	EUR
2025-12-19	2025-12-19	TR-IPS-MARIA MANUELA FERREIRA 	45,00	EUR	564,97	EUR
2025-12-23	2025-12-23	TR-IPS-MANUEL ROCHA RODRIGUES 	450,00	EUR	1.014,97	EUR
2025-12-29	2025-12-29	TR-IPS-CATIA ANDREIA BASTOS MO	20,00	EUR	1.034,97	EUR
2025-12-30	2025-12-30	TRF.DE MARIA ISABEL SANTOS MEL	45,00	EUR	1.079,97	EUR
2025-12-30	2025-12-30	DD-ENDESA ENERGIA             	-151,67	EUR	928,30	EUR
2026-01-01	2026-01-01	TRF.DE LU¿S ANTøNIO CAEIRO DIA	45,00	EUR	973,30	EUR
2026-01-01	2026-01-01	EMISS¶O EXTR. CONTA-2025-12-31	-1,00	EUR	972,30	EUR
2026-01-01	2026-01-01	I.SELO OP.BANC.    -2025-12-31	-0,04	EUR	972,26	EUR
2026-01-01	2026-01-01	TRF. P/ DP NR. 027-15.010650-1	-60,00	EUR	912,26	EUR
2026-01-02	2026-01-02	TR-JOAO MANUEL BORGES GUERRA  	45,00	EUR	957,26	EUR
2026-01-04	2026-01-04	TR-IPS-MIGUEL ALEXANDRE SCATOL	40,00	EUR	997,26	EUR
2026-01-05	2026-01-05	TRF.DE MARISIA CONCEI¸¶O QUINT	50,00	EUR	1.047,26	EUR
2026-01-05	2026-01-05	TRF.DE HUGO TAVARES MARTINS   	45,00	EUR	1.092,26	EUR
2026-01-05	2026-01-05	TR-IPS-CARLOS ALBERTO SILVA DI	45,00	EUR	1.137,26	EUR
2026-01-06	2026-01-06	TR-MARTA RIBEIRO PEREIRA      	45,00	EUR	1.182,26	EUR
2026-01-06	2026-01-06	TR-NEIDE PATRICIA HENRIQUES SO	45,00	EUR	1.227,26	EUR
2026-01-06	2026-01-06	TR-FERNANDO JORGE DOS SANTOS  	45,00	EUR	1.272,26	EUR
2026-01-08	2026-01-08	TR-IPS-EDMUNDO FRANCISCO REBEL	45,00	EUR	1.317,26	EUR
2026-01-09	2026-01-09	TR-ANTONIO JOAO ANJOS JUSTINO 	45,00	EUR	1.362,26	EUR
2026-01-13	2026-01-13	DD-OTIS-ELEVADORES            	-110,68	EUR	1.251,58	EUR
2026-01-14	2026-01-14	SOLU¸¶O E.CONDOM¿NIO          	-9,00	EUR	1.242,58	EUR
2026-01-14	2026-01-14	I.S. COM. MAN. CTA PACOTE     	-0,36	EUR	1.242,22	EUR
2026-01-22	2026-01-22	COMISS. EXTRATO NET24         	-1,00	EUR	1.241,22	EUR
2026-01-22	2026-01-22	IMP.SELO S/OP.BANCARIAS       	-0,04	EUR	1.241,18	EUR
2026-01-22	2026-01-22	COMISS. EXTRATO NET24         	-1,00	EUR	1.240,18	EUR
2026-01-22	2026-01-22	IMP.SELO S/OP.BANCARIAS       	-0,04	EUR	1.240,14	EUR
2026-01-28	2026-01-28	DD-ENDESA ENERGIA             	-154,88	EUR	1.085,26	EUR
2026-01-28	2026-01-28	TR-IPS-CATIA ANDREIA BASTOS MO	20,00	EUR	1.105,26	EUR
2026-01-30	2026-01-30	TRF.DE MARIA ISABEL SANTOS MEL	45,00	EUR	1.150,26	EUR
2026-02-01	2026-02-01	TRF.DE LU¿S ANTøNIO CAEIRO DIA	45,00	EUR	1.195,26	EUR
2026-02-01	2026-02-01	EMISS¶O EXTR. CONTA-2026-01-31	-1,00	EUR	1.194,26	EUR
2026-02-01	2026-02-01	I.SELO OP.BANC.    -2026-01-31	-0,04	EUR	1.194,22	EUR
2026-02-01	2026-02-01	TRF. P/ DP NR. 027-15.010650-1	-60,00	EUR	1.134,22	EUR
2026-02-02	2026-02-02	TR-JOAO MANUEL BORGES GUERRA  	45,00	EUR	1.179,22	EUR
2026-02-03	2026-02-03	TR-IPS-CARLOS ALBERTO SILVA DI	45,00	EUR	1.224,22	EUR
2026-02-03	2026-02-03	COMISS. EXTRATO NET24         	-1,00	EUR	1.223,22	EUR
2026-02-03	2026-02-03	IMP.SELO S/OP.BANCARIAS       	-0,04	EUR	1.223,18	EUR
